@online{PREF_2024,
  title = {Mais de 22 milhões de passageiros já foram transportados com Tarifa Zero},
  author = {{Prefeitura de São Caetano do Sul}},
  year = {2024},
  url = {https://www.saocaetanodosul.sp.gov.br/noticia/5182#:~:text=Mais%20de%2022%20milh%C3%B5es%20de%20passageiros%20j%C3%A1%20foram%20transportados%20com%20Tarifa%20Zero},
  note = {Acesso em: 6 abr. 2025}
}

@online{PREF_2023,
  title = {Programa Tarifa Zero de São Caetano do Sul completa seis meses com sucesso e expansão},
  author = {{Prefeitura de São Caetano do Sul}},
  year = {2024},
  url = {https://saocaetanodosul.net/2024/05/20/programa-tarifa-zero-de-sao-caetano-do-sul-completa-seis-meses-com-sucesso-e-expansao/#:~:text=Tr%C3%AAs%20Pilares%20do%20Tarifa%20Zero,nas%20ruas%2C%20reduzindo%20a%20polui%C3%A7%C3%A3o},
  note = {Acesso em: 6 abr. 2025}
}

@online{PREF_SCS,
  title = {São Caetano do Sul institui tarifa zero nos ônibus municipais da cidade},
  year = {2023},
  author = {Exame},
  url = {https://exame.com/brasil/sao-caetano-do-sul-institui-tarifa-zero-nos-onibus-municipais-da-cidade/},
  note = {Acesso em: 6 abr. 2025}
}

@online{LEI_PROG,
  title = {Lei Ordinária n° 6141 de 2023 - Dispõe sobre a criação do Programa Tarifa Zero e dá outras providências},
  author = {{Câmara Municipal de São Caetano do Sul}},
  year = {2023},
  url = {https://leismunicipais.com.br/a/sp/s/sao-caetano-do-sul/lei-ordinaria/2023/615/6141/lei-ordinaria-n-6141-2023-dispoe-sobre-a-criacao-do-programa-tarifa-zero-e-da-outras-providencias},
  note = {Acesso em: 6 abr. 2025}
}

@misc{NO_DAM,
  author = {Daniel Da Mata and Vitor Possebom and Mateus Rodrigues},
  title = {Free Public Transport: More Jobs without Environmental Damage?},
  year = {2024},
  note = {SSRN Working Paper},
  url = {https://papers.ssrn.com/sol3/papers.cfm?abstract_id=4969060}
}

@misc{BETTER_FIRMS,
  author = {David R. Agrawal and Eckhard Janeba and Elke J. Jahn},
  title = {Do Commuting Subsidies Drive Workers to Better Firms?},
  year = {2024},
  note = {SSRN Working Paper},
  url = {https://papers.ssrn.com/sol3/papers.cfm?abstract_id=4729591}
}

@misc{lei12587,
  title        = {Lei nº 12.587, de 3 de janeiro de 2012},
  howpublished = {\url{http://www.planalto.gov.br/ccivil_03/_ato2011-2014/2012/lei/l12587.htm}},
  year         = {2012},
  note         = {Institui as diretrizes da Política Nacional de Mobilidade Urbana},
  author       = {{Presidência da República do Brasil}}
}

@misc{CNS_2016,
  title        = {Resolução n° 510, de 7 de abril de 2016},
  author       = {{Conselho Nacional de Saúde}},
  year         = {2016},
  note         = {Dispõe sobre as normas aplicáveis a pesquisas em Ciências Humanas e Sociais cujo procedimento metodológico envolva o uso de dados diretamente obtidos com os participantes ou de informações identificáveis.},
  howpublished = {\url{https://conselho.saude.gov.br/resolucoes/2016/Reso510.pdf}},
  institution  = {Ministério da Saúde, Conselho Nacional de Saúde},
  urldate      = {2025-04-06}
}

@misc{AEA_registry,
  author       = {{American Economic Association}},
  title        = {AEA RCT Registry},
  year         = 2024,
  url          = {https://www.socialscienceregistry.org/},
  note         = {Acesso em: 6 abr. 2025}
}

@misc{OSF,
  author       = {{Center for Open Science}},
  title        = {Open Science Framework (OSF)},
  year         = 2024,
  url          = {https://osf.io},
  note         = {Acesso em: 6 abr. 2025}
}

@article{duflo2008toolkit,
  title={Using Randomization in Development Economics Research: A Toolkit},
  author={Duflo, Esther and Glennerster, Rachel and Kremer, Michael},
  journal={Handbook of Development Economics},
  volume={4},
  pages={3895--3962},
  year={2008},
  publisher={Elsevier}
}

@book{glewwe2022impact,
  title={Impact Evaluation in International Development: Theory, Methods, and Practice},
  author={Glewwe, Paul and Todd, Petra},
  year={2022},
  publisher={World Scientific},
  address={Singapore}
}

@book{angrist2009mostly,
  title={Mostly Harmless Econometrics: An Empiricist's Companion},
  author={Angrist, Joshua D. and Pischke, Jörn-Steffen},
  year={2009},
  publisher={Princeton University Press},
  address={Princeton, NJ},
  chapter={8}
}